% For online sources, can follow the following example.
% Note that wrapping text with an extra {} makes it verbatim in the reference output.
% For example, titles are normally in sentence-casing no matter what you put in here, but if you add {{IEEE Code of Ethics}} instead of {IEEE Code of Ethics} it comes out as "IEEE Code of Ethics" instead of Ieee Code of Ethics.

@online{
    ieee-ethics,
    author = {IEEE},
    title = {{"IEEE Code of Ethics"}},
    year = {2016},
    url = {https://www.ieee.org/about/corporate/governance/p7-8.html},
    urldate = {2020-02-08},
}

@article{LI2020105096,
title = {A fast modeling and optimization scheme for greenhouse environmental system using proper orthogonal decomposition and multi-objective genetic algorithm},
journal = {Computers and Electronics in Agriculture},
volume = {168},
pages = {105096},
year = {2020},
issn = {0168-1699},
doi = {https://doi.org/10.1016/j.compag.2019.105096},
url = {https://www.sciencedirect.com/science/article/pii/S0168169919309172},
urldate = {2023-2-24},
author = {Kangji Li and Zhengdao Sha and Wenping Xue and Xu Chen and Hanping Mao and Gang Tan}
}

@article{rizwan2022optimal,
  title={Optimal Environment Control Mechanism Based on OCF Connectivity for Efficient Energy Consumption in Greenhouse},
  author={Rizwan, Atif and Khan, Anam Nawaz and Ahmad, Rashid and Kim, Do Hyeun},
  journal={IEEE Internet of Things Journal},
  year={2022},
  publisher={IEEE},
  urldate = {2023-2-24}
}

 @misc{greenhouse, 
 title={Greenhouse}, 
 url={https://www.oed.com/view/Entry/81202?redirectedFrom=greenhouse#eid}, 
 journal={Oxford English Dictionary}
 } 

@misc{scott_2018, 
title={Consumers are using phones to control smart home devices},
url={https://www.etcentric.org/consumers-are-using-phones-to-control-smart-home-devices/}, 
journal={ETCentric}, 
author={Scott, Rob},
year={2018}, 
month={Apr}
} 

 @misc{hartley_botanic, 
 title={Greenhouse buying guide: Size, location, type}, 
 url={https://hartley-botanic.com/guides/what-size-greenhouse-i-need-us/}, 
 author={Hartley Botanic}
 } 

@misc{watson_boudreau_van_iersel_2018, 
title={Simulation of greenhouse energy use: An application of Energy Informatics - Energy Informatics}, 
url={https://energyinformatics.springeropen.com/articles/10.1007/s42162-018-0005-7}, 
journal={SpringerOpen}, 
publisher={Springer International Publishing}, 
author={Watson, Richard T. and Boudreau, Marie-Claude and van Iersel, Marc W.}, 
year={2018}, 
month={Aug}
} 

 @misc{vercelletto_2021, 
 title={What to know about greenhouse lighting}, 
 url={https://www.happysprout.com/outdoor-living/greenhouse-grow-lights-lighting-requirements/}, 
 journal={HappySprout}, 
 publisher={HappySprout}, 
 author={Vercelletto, Niko}, 
 year={2021}, 
 month={May}
 } 

@misc{technologies_2021, 
title={Led grow light spectrum guide}, 
url={https://lightsciencetech.com/led-grow-light-spectrum-guide/}, 
journal={Light Science Technologies}, 
year={2021}, 
month={Sep}
} 

@misc{devops_2022, 
title={Optimal humidity and temperature for greenhouse growing - drygair}, 
url={https://drygair.com/blog/optimal-humidity-temperature-greenhouse/#:~:text=Most\%20common\%20greenhouse\%20crops\%20require,most\%20greenhouses\%20around\%20the\%20world.}, 
journal={Drygair Greenhouse Dehumidifiers}, 
author={DevOps}, 
year={2022},
month={Apr}
} 

@misc{wikipedia_2023, 
title={ESP32}, 
url={https://en.wikipedia.org/wiki/ESP32}, 
journal={Wikipedia}, publisher={Wikimedia Foundation}, 
year={2023}, 
month={Mar}
} 

@misc{dht22, 
title={DHT22 temperature-humidity sensor + extras}, 
url={https://www.adafruit.com/product/385}, 
journal={adafruit industries blog RSS}, 
author={Industries, Adafruit}
} 